01,021000021,F9999999 DT,150627,1239,834,,,2/
02,F9999999 DT,021000021,1,150626,1239,,2/
03,000000999999999,USD,010,1000000,,,015,1000000,,,040,1000000,,,043,1000000,,/
88,045,1000000,,,050,1000000,,,055,1000000,,,063,0,,,072,0,,,073,0,,,074,0,,/
88,075,0,,,100,20000,2,,160,20000,2,,400,20000,2,,446,20000,2,/
16,143,10000,S,10000,0,0,BATCH12340,111111111111/
88,DFI BANK=99999999,DFI ACCT=111889999999,IND ID NO=111111111111,IND NAME=AAA
88,AAAAAAAAAAAAAA,TRACE NO=021000029999991,BATCH NUMBER=BATCH12
88,340
88,SETT BANKREF=259888888
88,8TC,SETT CUSTREF=999999
88,9999
88,SETT AMOUNT=200.00
16,143,10000,S,10000,0,0,BATCH12340,222222222222/
88,DFI BANK=99999999,DFI ACCT=222889999999,IND ID NO=222222222222,IND NAME=BAA
88,AAAAAAAAAAAAAA,TRACE NO=021000029999992,BATCH NUMBER=BATCH12340,
88,SETT BANKREF=2598888888TC,SETT CUSTREF=9999999999
88,SETT AMOUNT=200.00
16,452,10000,0,BATCH12345,333333333333/
88,DFI BANK=99999999,DFI ACCT=333889999999,IND ID NO=333333333333,IND NAME=CAA
88,AAAAAAAAAAAAAA,TRACE NO=021000029999993,BATCH NUMBER=BATCH12345,
88,SETT BANKREF=2598888889TC,SETT CUSTREF=9999999990
88,SETT AMOUNT=200.00
16,452,10000,0,BATCH12345,444444444444/
88,DFI BANK=99999999,DFI ACCT=444889999999,IND ID NO=444444444444,IND NAME=DAA
88,AAAAAAAAAAAAAA,TRACE NO=021000029999994,BATCH NUMBER=BATCH12345,
88,SETT BANKREF=2598888889TC,SETT CUSTREF=9999999990
88,SETT AMOUNT=200.00
49,7120000,24/
98,7120000,1,26/
99,7120000,1,28/